% Papers/books
% ------------
@misc{mikolov2013a,
    title={Efficient Estimation of Word Representations in Vector Space},
    author={Tomas Mikolov and Kai Chen and Greg Corrado and Jeffrey Dean},
    year={2013},
    eprint={1301.3781},
    archivePrefix={arXiv},
    primaryClass={cs.CL}
}
@misc{mikolov2013b,
    title={Distributed Representations of Words and Phrases and their Compositionality},
    author={Tomas Mikolov and Ilya Sutskever and Kai Chen and Greg Corrado and Jeffrey Dean},
    year={2013},
    eprint={1310.4546},
    archivePrefix={arXiv},
    primaryClass={cs.CL}
}
@misc{rong2016word2vec,
    title={word2vec Parameter Learning Explained}, 
    author={Xin Rong},
    year={2016},
    eprint={1411.2738},
    archivePrefix={arXiv},
    primaryClass={cs.CL}
}
@article{levy-etal-2015-improving,
    title = "Improving Distributional Similarity with Lessons Learned from Word Embeddings",
    author = "Levy, Omer  and
      Goldberg, Yoav  and
      Dagan, Ido",
    journal = "Transactions of the Association for Computational Linguistics",
    volume = "3",
    year = "2015",
    url = "https://www.aclweb.org/anthology/Q15-1016",
    doi = "10.1162/tacl_a_00134",
    pages = "211--225",
}
@book{python3-2009,
 author = {Van Rossum, Guido and Drake, Fred L.},
 title = {Python 3 Reference Manual},
 year = {2009},
 isbn = {1441412697},
 publisher = {CreateSpace},
 address = {Scotts Valley, CA}
}
% ------------

% URLs
% ----
@manual{WikimediaDumps,
  title  = "Wikimedia Downloads",
  author = "Wikimedia",
  url    = "https://dumps.wikimedia.org",
  year   = "2020 (accessed October 5, 2020)"
}
@misc{Wikiextractor2015,
  author = {Giusepppe Attardi},
  title = {WikiExtractor},
  year = {2015},
  publisher = {GitHub},
  journal = {GitHub repository},
  howpublished = {\url{https://github.com/attardi/wikiextractor}}
}
@book{bird2009natural,
  title={Natural language processing with Python: analyzing text with the natural language toolkit},
  author={Bird, Steven and Klein, Ewan and Loper, Edward},
  year={2009},
  publisher={" O'Reilly Media, Inc."}
}
@misc{tensorflow2015-whitepaper,
title={ {TensorFlow}: Large-Scale Machine Learning on Heterogeneous Systems},
url={https://www.tensorflow.org/},
note={Software available from tensorflow.org},
author={
    Mart\'{\i}n~Abadi and
    Ashish~Agarwal and
    Paul~Barham and
    Eugene~Brevdo and
    Zhifeng~Chen and
    Craig~Citro and
    Greg~S.~Corrado and
    Andy~Davis and
    Jeffrey~Dean and
    Matthieu~Devin and
    Sanjay~Ghemawat and
    Ian~Goodfellow and
    Andrew~Harp and
    Geoffrey~Irving and
    Michael~Isard and
    Yangqing Jia and
    Rafal~Jozefowicz and
    Lukasz~Kaiser and
    Manjunath~Kudlur and
    Josh~Levenberg and
    Dandelion~Man\'{e} and
    Rajat~Monga and
    Sherry~Moore and
    Derek~Murray and
    Chris~Olah and
    Mike~Schuster and
    Jonathon~Shlens and
    Benoit~Steiner and
    Ilya~Sutskever and
    Kunal~Talwar and
    Paul~Tucker and
    Vincent~Vanhoucke and
    Vijay~Vasudevan and
    Fernanda~Vi\'{e}gas and
    Oriol~Vinyals and
    Pete~Warden and
    Martin~Wattenberg and
    Martin~Wicke and
    Yuan~Yu and
    Xiaoqiang~Zheng},
  year={2015},
}
@misc{contractions-2016,
  author = {Pascal van Kooten},
  title = {contractions},
  year = {2016},
  publisher = {GitHub},
  journal = {GitHub repository},
  howpublished = {\url{https://github.com/kootenpv/contractions}}
}
% ----